<record><leader>00000cas a22000007a 4500</leader><controlfield tag="001">36906973</controlfield><controlfield tag="008">970514d19uu1998ctuwr ne      0    0eng d</controlfield><datafield ind1=" " ind2=" " tag="010"><subfield code="a">sn 97060903 </subfield></datafield><datafield ind1=" " ind2=" " tag="040"><subfield code="a">CNW</subfield><subfield code="b">eng</subfield><subfield code="c">CNW</subfield><subfield code="d">OCLCQ</subfield><subfield code="d">OCLCF</subfield><subfield code="d">OCLCO</subfield></datafield><datafield ind1="1" ind2=" " tag="029"><subfield code="a">AU@</subfield><subfield code="b">000013250962</subfield></datafield><datafield ind1=" " ind2=" " tag="042"><subfield code="a">msc</subfield></datafield><datafield ind1=" " ind2=" " tag="043"><subfield code="a">n-us-ct</subfield></datafield><datafield ind1="0" ind2=" " tag="130"><subfield code="a">Journal transcript (Danielson, Conn.)</subfield></datafield><datafield ind1="1" ind2="0" tag="245"><subfield code="a">Journal transcript.</subfield></datafield><datafield ind1=" " ind2=" " tag="260"><subfield code="a">Danielson, CT :</subfield><subfield code="b">Bulletin Co.</subfield></datafield><datafield ind1=" " ind2=" " tag="300"><subfield code="a">v.</subfield></datafield><datafield ind1=" " ind2=" " tag="310"><subfield code="a">Weekly</subfield></datafield><datafield ind1="0" ind2=" " tag="362"><subfield code="a">-Final [i.e. vol. 36, no. 54] (Jan. 7, 1998).</subfield></datafield><datafield ind1=" " ind2=" " tag="500"><subfield code="a">Distributed with subscription to: Norwich bulletin, or free at local stores.</subfield></datafield><datafield ind1=" " ind2=" " tag="500"><subfield code="a">Absorbed by: Norwich bulletin as a weekly section, Jan. 14, 1998-</subfield></datafield><datafield ind1=" " ind2=" " tag="530"><subfield code="a">Also issued on microfilm from University Microfilms. On film with: Norwich bulletin.</subfield></datafield><datafield ind1=" " ind2=" " tag="588"><subfield code="a">Description based on: Vol. 7, no. 20 (July 1, 1985).</subfield></datafield><datafield ind1=" " ind2="0" tag="651"><subfield code="a">Danielson (Conn.)</subfield><subfield code="v">Newspapers.</subfield></datafield><datafield ind1=" " ind2="0" tag="651"><subfield code="a">Killingly (Conn. : Town)</subfield><subfield code="v">Newspapers.</subfield></datafield><datafield ind1=" " ind2="0" tag="651"><subfield code="a">Windham County (Conn.)</subfield><subfield code="v">Newspapers.</subfield></datafield><datafield ind1=" " ind2="7" tag="655"><subfield code="a">Newspapers.</subfield><subfield code="2">fast</subfield><subfield code="0">(OCoLC)fst01423814</subfield></datafield><datafield ind1=" " ind2="7" tag="651"><subfield code="a">Connecticut</subfield><subfield code="z">Danielson.</subfield><subfield code="2">fast</subfield><subfield code="0">(OCoLC)fst01219000</subfield></datafield><datafield ind1=" " ind2="7" tag="651"><subfield code="a">Connecticut</subfield><subfield code="z">Killingly (Town)</subfield><subfield code="2">fast</subfield><subfield code="0">(OCoLC)fst01331389</subfield></datafield><datafield ind1=" " ind2="7" tag="651"><subfield code="a">Connecticut</subfield><subfield code="z">Windham County.</subfield><subfield code="2">fast</subfield><subfield code="0">(OCoLC)fst01212082</subfield></datafield><datafield ind1=" " ind2=" " tag="752"><subfield code="a">United States</subfield><subfield code="b">Connecticut</subfield><subfield code="c">Windham</subfield><subfield code="d">Putnam.</subfield></datafield><datafield ind1="0" ind2="0" tag="780"><subfield code="t">Best deal</subfield></datafield><datafield ind1="1" ind2="4" tag="785"><subfield code="t">Norwich bulletin (Norwich, Conn.)</subfield><subfield code="w">(DLC)sn 82014086</subfield><subfield code="w">(OCoLC)8766538</subfield></datafield></record>